@inproceedings{Wattch,
author = {Brooks, David and Tiwari, Vivek and Martonosi, Margaret},
booktitle = {ISCA '00},
title = {{Wattch: a framework for architectural-level power analysis and optimizations}},
}

@inproceedings{McPAT,
author = {Li, Sheng and Ahn, Jung Ho and Strong, R.D. and Brockman, J.B. and Tullsen, D.M. and Jouppi, N.P.},
booktitle = {MICRO '09},
title = {{McPAT: An integrated power, area, and timing modeling framework for multicore and manycore architectures}},
}

@inproceedings{PrEsto,
author = {Sunwoo, Dam and Wu, Gene Y. and Patil, Nikhil a. and Chiou, Derek},
booktitle = {FPGA '10},
title = {{PrEsto: An FPGA-accelerated Power Estimation Methodology for Complex Systems}},
}

@inproceedings{Isci2003,
author = {Isci, C. and Martonosi, M.},
booktitle = {MICRO '03},
title = {{Runtime power monitoring in high-end processors: methodology and empirical data}},
}

@inproceedings{Coburn2005,
author = {Coburn, Joel and Ravi, Srivaths and Raghunathan, Anand},
booktitle = {DAC '05},
title = {{Power emulation: A new paradigm for power estimation}},
}

@inproceedings{Atienza2006,
author = {Atienza, David and {Del Valle}, Pablo G. and Paci, Giacomo and Poletti, Francesco and Benini, Luca and {De Micheli}, Giovanni and Mendias, Jose M.},
booktitle = {DAC '06},
title = {{A fast HW/SW FPGA-based thermal emulation framework for multi-processor system-on-chip}},
year = {2006}
}
@inproceedings{Ghodrat2007,
author = {Ghodrat, Mohammad Ali and Lahiri, Kanishka and Raghunathan, Anand},
booktitle = {DAC '07},
title = {{Accelerating system-on-chip power analysis using hybrid power estimation}},
}

@inproceedings{Bhattacharjee2008,
author = {Bhattacharjee, Abhishek and Contreras, Gilberto and Martonosi, Margaret},
booktitle = {ISLPED '08},
title = {{Full-system chip multiprocessor power evaluations using FPGA-based emulation}},
}

@inproceedings{Fast,
author = {Chiou, Derek and Sunwoo, Dam and Kim, Joonsoo and Patil, Nikhil A. and Reinhart, William and Johnson, Darrel Eric and Keefe, Jebediah and Angepat, Hari},
booktitle = {MICRO '07},
title = {{FPGA-Accelerated Simulation Technologies (FAST): Fast, Full-System, Cycle-Accurate Simulators}},
}

@inproceedings{RAMPGold,
author = {Tan, Zhangxi and Waterman, Andrew and Avizienis, Rimas and Lee, Yunsup and Cook, Henry and Patterson, David and Asanovi\'{c}, Krste},
booktitle = {DAC '10},
mendeley-groups = {FPGA Simulation},
title = {{RAMP Gold: An FPGA-based Architecture Simulator for Multiprocessors}},
}

@article{FAME,
author = {Tan, Zhangxi and Waterman, Andrew and Cook, Henry and Bird, Sarah and Asanovi\'{c}, Krste and Patterson, David},
journal = {ISCA '10},
title = {{A Case for FAME: FPGA Architecture Model Execution}},
}

@inproceedings{HAsim,
author = {Pellauer, Michael and Adler, Michael and Kinsy, Michel and Parashar, Angshuman and Emer, Joel},
booktitle = {HPCA '11},
title = {{HAsim: FPGA-based high-detail multicore simulation using time-division multiplexing}},
}

@article{Simplex,
author = {Wenisch, Thomas F T.F. and Wunderlich, Roland E R.E. and Hoe, James C J.C. and Ferdman, M. and Ailamaki, A. and Falsafi, B.},
doi = {10.1109/MM.2006.79},
file = {:Users/cusgadmin/Dropbox/Papers/Power modeling//Wenisch et al. - IEEE Micro.pdf:pdf},
issn = {0272-1732},
journal = {IEEE Micro},
mendeley-groups = {Power Modeling},
month = jul,
number = {4},
pages = {18--31},
publisher = {IEEE Computer Society Press},
title = {{SimFlex: Statistical Sampling of Computer System Simulation}},
volume = {26},
year = {2006}
}

@article{Protoflex,
author = {Chung, Eric S. and Papamichael, Michael K. and Nurvitadhi, Eriko and Hoe, James C. and Mai, Ken and Falsafi, Babak},
doi = {10.1145/1534916.1534925},
file = {:Users/cusgadmin/Library/Application Support/Mendeley Desktop/Downloaded/Chung et al. - ACM Transactions on Reconfigurable Technology and Systems.pdf:pdf},
issn = {19367406},
journal = {ACM Transactions on Reconfigurable Technology and Systems},
keywords = {FPGA,emulator,multicore,multiprocessor,prototype,simulator},
mendeley-groups = {FPGA Simulation},
month = jun,
number = {2},
pages = {1--32},
publisher = {ACM},
title = {{PROTOFLEX: Towards Scalable, Full-System Multiprocessor Simulations Using FPGAs}},
volume = {2},
year = {2009}
}

@article{Bogliolo2000,
author = {Bogliolo, Alessandro and Benini, Luca and {De Micheli}, Giovanni},
doi = {10.1145/348019.348081},
file = {:Users/cusgadmin/Library/Application Support/Mendeley Desktop/Downloaded/Bogliolo, Benini, De Micheli - ACM Transactions on Design Automation of Electronic Systems.pdf:pdf},
issn = {10844309},
journal = {ACM Transactions on Design Automation of Electronic Systems},
keywords = {RTL design,RTL power modeling,adaptive characterization,functional macros,regression models},
mendeley-groups = {Power Modeling},
month = jul,
number = {3},
pages = {337--372},
publisher = {ACM},
title = {{Regression-based RTL power modeling}},
volume = {5},
year = {2000}
}
